<?xml version="1.0" encoding="UTF-8"?><record xmlns="http://www.loc.gov/MARC21/slim" xmlns:cinclude="http://apache.org/cocoon/include/1.0" xmlns:zs="http://www.loc.gov/zing/srw/">
  <leader>00503nz  a2200145n  4500</leader>
  <controlfield tag="001">n 2008025463</controlfield>
  <controlfield tag="003">DLC</controlfield>
  <controlfield tag="005">20080409080324.0</controlfield>
  <controlfield tag="008">080408n| acannaabn          |a aaa      </controlfield>
  <datafield tag="010" ind1=" " ind2=" ">
    <subfield code="a">n 2008025463</subfield>
  </datafield>
  <datafield tag="040" ind1=" " ind2=" ">
    <subfield code="a">DLC</subfield>
    <subfield code="b">eng</subfield>
    <subfield code="c">DLC</subfield>
  </datafield>
  <datafield tag="100" ind1="1" ind2=" ">
    <subfield code="a">Castillo, Liliana</subfield>
  </datafield>
  <datafield tag="400" ind1="1" ind2=" ">
    <subfield code="a">Castillo Sánchez, Liliana</subfield>
  </datafield>
  <datafield tag="400" ind1="1" ind2=" ">
    <subfield code="a">Sánchez, Liliana Castillo</subfield>
  </datafield>
  <datafield tag="670" ind1=" " ind2=" ">
    <subfield code="a">Castro, Paula. Opciones para la producción y uso de biodiésel en el Perú, 2007:</subfield>
    <subfield code="b">verso t.p. (Liliana Castillo) p. 16 (Ing. Liliana Castillo Sánchez)</subfield>
  </datafield>
</record>